This file was created with JabRef 2.1.
Encoding: Cp1252

@BOOK{testboek,
  title = {boek},
  publisher = {publisher},
  year = {2006},
  editor = {editor},
  author = {auteur},
  volume = {volume},
  number = {nummer},
  pages = {paginas},
  series = {series},
  address = {adres},
  edition = {edition},
  month = {maand},
  note = {note},
  citeseerurl = {url},
  owner = {speybrou_ta},
  timestamp = {2006.11.10}
}

@ARTICLE{gfsd,
  author = {gfds},
  title = {gfsd},
  journal = {gfsd},
  year = {2006},
  owner = {speybrou_ta},
  timestamp = {2006.12.14}
}

@comment{jabref-meta: selector_journal:}

@comment{jabref-meta: selector_author:}

@comment{jabref-meta: selector_keywords:}

@comment{jabref-meta: selector_publisher:}

